@misc{zones,
  author="William J. Cook",
  title="Solving A TSP, TSP Control Zones",
  month="January",
  year=2007,
  howpublished={\texttt{http://www.tsp.gatech.edu/methods/opt/zone.htm}}
}